@incollection{wang2003artificial,
  title={Artificial neural network},
  author={Wang, Sun-Chong},
  booktitle={Interdisciplinary computing in java programming},
  pages={81--100},
  year={2003},
  publisher={Springer}
}

@article{bengio2000gradient,
  title={Gradient-based optimization of hyperparameters},
  author={Bengio, Yoshua},
  journal={Neural computation},
  volume={12},
  number={8},
  pages={1889--1900},
  year={2000},
  publisher={MIT Press}
}

@incollection{bengio2012practical,
  title={Practical recommendations for gradient-based training of deep architectures},
  author={Bengio, Yoshua},
  booktitle={Neural networks: Tricks of the trade},
  pages={437--478},
  year={2012},
  publisher={Springer}
}
@article{bergstra2012random,
  title={Random search for hyper-parameter optimization},
  author={Bergstra, James and Bengio, Yoshua},
  journal={Journal of Machine Learning Research},
  volume={13},
  number={Feb},
  pages={281--305},
  year={2012}
}

@article{larochelle2009exploring,
  title={Exploring strategies for training deep neural networks},
  author={Larochelle, Hugo and Bengio, Yoshua and Louradour, J{\'e}r{\^o}me and Lamblin, Pascal},
  journal={Journal of Machine Learning Research},
  volume={10},
  number={Jan},
  pages={1--40},
  year={2009}
}
@article{bergstra2012random,
  title={Random search for hyper-parameter optimization},
  author={Bergstra, James and Bengio, Yoshua},
  journal={Journal of Machine Learning Research},
  volume={13},
  number={Feb},
  pages={281--305},
  year={2012}
}

@inproceedings{branicky2001quasi,
  title={Quasi-randomized path planning},
  author={Branicky, Michael S and LaValle, Steven M and Olson, Kari and Yang, Libo},
  booktitle={Robotics and Automation, 2001. Proceedings 2001 ICRA. IEEE International Conference on},
  volume={2},
  pages={1481--1487},
  year={2001},
  organization={IEEE}
}

@inproceedings{snoek2012practical,
  title={Practical bayesian optimization of machine learning algorithms},
  author={Snoek, Jasper and Larochelle, Hugo and Adams, Ryan P},
  booktitle={Advances in neural information processing systems},
  pages={2951--2959},
  year={2012}
}

@inproceedings{caruana2001overfitting,
  title={Overfitting in neural nets: Backpropagation, conjugate gradient, and early stopping},
  author={Caruana, Rich and Lawrence, Steve and Giles, C Lee},
  booktitle={Advances in neural information processing systems},
  pages={402--408},
  year={2001}
}

@article{girosi1995regularization,
  title={Regularization theory and neural networks architectures},
  author={Girosi, Federico and Jones, Michael and Poggio, Tomaso},
  journal={Neural computation},
  volume={7},
  number={2},
  pages={219--269},
  year={1995},
  publisher={MIT Press}
}
@article{srivastava2014dropout,
  title={Dropout: A simple way to prevent neural networks from overfitting},
  author={Srivastava, Nitish and Hinton, Geoffrey and Krizhevsky, Alex and Sutskever, Ilya and Salakhutdinov, Ruslan},
  journal={The Journal of Machine Learning Research},
  volume={15},
  number={1},
  pages={1929--1958},
  year={2014},
  publisher={JMLR. org}
}

@article{bergstra2012random,
  title={Random search for hyper-parameter optimization},
  author={Bergstra, James and Bengio, Yoshua},
  journal={Journal of Machine Learning Research},
  volume={13},
  number={Feb},
  pages={281--305},
  year={2012}
}